@misc{duckpass,
  title={Privacy Mythbusting \#2: My password keeps me safe. (Not necessarily!)},
  organization={DuckDuckGo},
  url={https://spreadprivacy.com/password-safety/},
  urldate={27-06-2017}
}

@misc{pwnedwebs,
  title={Pwned websites},
  organization={haveibeenpwned},
  url={https://haveibeenpwned.com/PwnedWebsites},
}

@misc{pwnedpasswords,
    title={Pwned passwords},
    organization={haveibeenpwned},
    url={https://haveibeenpwned.com/Passwords},
}

@misc{send,
    title={Bitwarden Send},
    organization={Bitwarden},
    url={https://bitwarden.com/help/about-send/}
}

@misc{sendblog,
    title={Bitwarden Send},
    organization={Bitwarden},
    url={https://bitwarden.com/blog/bitwarden-send-how-it-works/}
}

@misc{bitcache,
    title={Bitwarden cache},
    organization={Bitwarden},
    url={https://bitwarden.com/help/security-faqs/\#q-how-long-does-bitwarden-cache-session-information}
}

@misc{item,
    title={Bitwarden vault item},
    organization={Bitwarden},
    url={https://bitwarden.com/help/managing-items/}
}

@misc{bitencryption,
    title={How Bitwarden works},
    organization={Bitwarden},
    url={https://bitwarden.com/products/#how-bitwarden-works}}

@misc{bitvisual,
    title={Contributing-Getting started-Tools},
    organization={Bitwarden},
    url={https://contributing.bitwarden.com/getting-started/tools/}}

@misc{gabepass,
    title={Gabe Newell Gives out his password while presenting a safety feature of Steam},
    url={https://www.youtube.com/watch?v=gYs9nS8LlZ8}
}

@misc{sticksecurity,
    title={InputStick Security},
    organization={InputStick},
    url={http://inputstick.com/security/}
}

@misc{stickdocs,
    title={InputStick Protocol Documentation},
    organization={InputStick},
    url={http://inputstick.com/download/}
}

@misc{stickfaq,
    title={InputStick FAQ},
    organization={InputStick},
    url={http://inputstick.com/faq/}
}

@misc{stickworks,
    title={InputStick - How it works},
    organization={InputStick},
    url={http://inputstick.com/how-it-works/}
}

@misc{stickversions,
    title={InputStick - Compatibility},
    organization={InputStick},
    url={http://inputstick.com/compatibility/}
}

@misc{sticklibrary,
    title={"InputStickAPI for Android OS},
    organization={InputStick},
    url={https://github.com/inputstick/InputStickAPI-Android}
}

@misc{1passencryption,
    title={1Password Security Design},
    organization={1Password},
    url={https://1passwordstatic.com/files/security/1password-white-paper.pdf}
}

@misc{keepencription,
    title={KeePass scurity},
    organization={KeePass},
    url={https://keepass.info/help/base/security.html}
}

@misc{lastencryption,
    title={LastPass - How it works},
    organization={LastPass},
    url={https://www.lastpass.com/how-lastpass-works}
}

@misc{androidkeyboard,
    title={Serverless keyboard and mouse},
    organization={AppGround IO},
    url={https://play.google.com/store/apps/details?id=io.appground.blek}
}

@misc{arduinokeyboard,
    title={Arduino keyboard library},
    organization={Arduino},
    url={http://reference.arduino.cc/reference/en/libraries/keyboard/}
}

@misc{qmk,
    title={Quantum Mechanical Keyboard},
    organization={QMK},
    url={https://qmk.fm/}
}

@misc{kmk,
    title={KMK Firmware},
    organization={KMKfw},
    url={http://kmkfw.io/}
}

@misc{vial,
    title={Vial},
    organization={Vial},
    url={https://get.vial.today/}
}

@misc{zmk,
    title={ZMK},
    organization={ZMK},
    url={https://zmk.dev/}
}

@misc{via,
    title={VIA},
    organization={VIA},
    url={https://www.caniusevia.com/}
}

@misc{authorizer,
    title={Authorizer},
    organization={tejado},
    url={https://github.com/tejado/Authorizer}
}

@misc{BLE-HID-Peripheral-for-Android,
    title={BLE HID over GATT Profile for Android},
    organization={kshoji},
    url={https://github.com/kshoji/BLE-HID-Peripheral-for-Android
    }
}

@misc{android-keyboard-gadget,
    title={Android keyboard gadget},
    organization={pelya},
    url={https://github.com/pelya/android-keyboard-gadget}
}

@misc{laa,
    title={Laa},
    organization={jerry08},
    url={https://github.com/jerry08/Laa}
}

@Inbook{García2023intro,
author="Garc{\'i}a, Ra{\'u}l Ferrer",
title="Introduction",
bookTitle="iOS Architecture Patterns: MVC, MVP, MVVM, VIPER, and VIP in Swift",
year="2023",
publisher="Apress",
address="Berkeley, CA",
pages="1--43",
abstract="Before we start writing the code for a mobile application (and in general, for any software), it is important to determine the structure and architecture of the project. This will help us avoid developing an application that works, but whose code is difficult to maintain. Before diving into specific patterns for iOS apps, it's important to understand what software architecture is and why it's needed, as well as how to choose the best pattern for a project.",
isbn="978-1-4842-9069-9",
doi="10.1007/978-1-4842-9069-9_1",
url="https://doi.org/10.1007/978-1-4842-9069-9_1"
}


@Inbook{García2023mvvm,
author="Garc{\'i}a, Ra{\'u}l Ferrer",
title="MVVM: Model--View--ViewModel",
bookTitle="iOS Architecture Patterns: MVC, MVP, MVVM, VIPER, and VIP in Swift",
year="2023",
publisher="Apress",
address="Berkeley, CA",
pages="145--224",
abstract="Model-View-ViewModel (MVVM) is a design pattern popular in iOS development. The Model represents the iOS app's data and business logic, the View is in charge of displaying the data to the user, and the ViewModel serves as a link between the Model and the View. Additionally, the MVVM pattern incorporates data binding to automatically synchronize data between the Model and the View. This allows the View to automatically update when the Model changes.",
isbn="978-1-4842-9069-9",
doi="10.1007/978-1-4842-9069-9_4",
url="https://doi.org/10.1007/978-1-4842-9069-9_4"
}


@Inbook{Kouraklis2016,
author="Kouraklis, John",
title="MVVM as Design Pattern",
bookTitle="MVVM in Delphi: Architecting and Building Model View ViewModel Applications",
year="2016",
publisher="Apress",
address="Berkeley, CA",
pages="1--12",
abstract="Presentation patterns are already an old story. Although it is difficult to identify who introduced them, it looks like the seminal programming language SmallTalk dating back to the 1970s is responsible for making one of the first presentation patterns popular; the Model-View-Controller (MVC) design. (Kay, 1993; Timms, 2014).",
isbn="978-1-4842-2214-0",
doi="10.1007/978-1-4842-2214-0_1",
url="https://doi.org/10.1007/978-1-4842-2214-0_1"
}

@misc{bindingjar,
    title={Binding a jar},
    organization={Microsoft},
    url={https://learn.microsoft.com/en-us/xamarin/android/platform/binding-java-library/binding-a-jar}
}

@online{bluetoothhid,
    title={Bluetooth HID},
    organization={Bluetooth},
    url={https://www.bluetooth.org/docman/handlers/DownloadDoc.ashx?doc_id=7108}
}

@online{usbtables,
    title={USB HID},
    organization={USB},
    url={https://usb.org/document-library/usage-tables-hid-power-devices-11}
}

@online{usbhid,
    title={},
    organization={USB},
    url={https://www.usb.org/document-library/device-class-definition-hid-111}
}

@online{microsoftlayouts,
    title={Windows keyboard layouts},
    organization={Microsoft},
    url={https://learn.microsoft.com/en-us/globalization/windows-keyboard-layouts}
}

@online{microsofthid,
    title={Keyboard and mouse HID client drivers},
    organization={Microsoft},
    url={https://learn.microsoft.com/en-us/windows-hardware/drivers/hid/keyboard-and-mouse-hid-client-drivers}
}

@online{microsoftchangelayout,
    title={Change your keyboard layout},
    organization={Microsoft},
    url={https://support.microsoft.com/en-us/windows/change-your-keyboard-layout-245c49b8-f856-7fd7-2cf5-41e54c66f5b3}
}

@Book{ulpgc.183475,
author={Gamma, Erich},
title={Design patterns : elements of reusable object-oriented software / Erich Gamma, Richard Helm, Ralph Johnson, John Vlissides.},
year={1994},
month={Jan},
day={01-2023-04-25},
isbn={0201633612},
url={https://search.ebscohost.com/login.aspx?direct=true&db=cat07429a&AN=ulpgc.183475&site=eds-live}
}